@inproceedings{Abbasian (2011),
  title={An efficient hierarchical parallel genetic algorithm for graph coloring problem},
  author={Abbasian, Reza and Mouhoub, Malek},
  booktitle={Proceedings of the 13th annual conference on Genetic and evolutionary computation},
  pages={521--528},
  year={2011}
}
@book{Coley (1999),
  title={An introduction to genetic algorithms for scientists and engineers},
  author={Coley, David Alexander},
  year={1999},
  publisher={World Scientific Publishing Company}
}
@article{Goldberg (1989),
  title={Genetic algorithms in search, optimization, and machine learning},
  author={Golberg, David E},
  journal={Addion wesley},
  volume={1989},
  number={102},
  pages={36},
  year={1989}
}
@article{Sloss (2019),
  title={2019 Evolutionary algorithms review},
  author={Sloss, Andrew N and Gustafson, Steven},
  journal={Arm Inc., Bellevue},
  volume={2019},
  number={102},
  pages={88},
  year={2019}
}
@book{Cuevas (2016),
    title{Optimizaci\'on: Algoritmos programados con MATLAB},
    author={Cuevas Erik, Osuna Jos\'e, Oliva Diego, D\'iaz Margarita},
    year={2016},
    publisher={Alfaomega},
}
